%% Created using Papers on Fri, 29 Jul 2016.
%% http://papersapp.com/papers/

@article{Ross:1982vt,
author = {Ross, M D},
title = {{Five Evolutionary Pathways to Subdioecy}},
journal = {American Naturalist},
year = {1982},
volume = {119},
number = {3},
pages = {297--318}
}

@article{Vamosi:2006hi,
author = {Vamosi, Jana C and Knight, Tiffany M and Steets, Janette A and Mazer, Susan J and Burd, Martin and Ashman, Tia-Lynn},
title = {{Pollination decays in biodiversity hotspots.}},
journal = {Proceedings of the National Academy of Sciences of the United States of America},
year = {2006},
volume = {103},
number = {4},
pages = {956--961},
month = jan
}

@article{Friedman:2009eg,
author = {Friedman, J and Barrett, S C H},
title = {{Wind of change: new insights on the ecology and evolution of pollination and mating in wind-pollinated plants}},
journal = {Annals of Botany},
year = {2009},
volume = {103},
number = {9},
pages = {1515--1527},
month = may
}

@article{Zanders:2015jy,
author = {Zanders, Sarah E and Malik, Harmit S},
title = {{R2d2 and Hyperdrive Mechanisms (in Mouse Meiosis)}},
journal = {PLOS Genetics},
year = {2015},
volume = {11},
number = {2},
pages = {e1004950},
month = feb
}

@article{Anonymous:-1dttFos,
title = {{Mimulus finds centromeres in the driver's seat}},
year = {2005},
pages = {1--4},
month = mar
}

@article{Borg:2009jpa,
author = {Borg, M and Brownfield, L and Twell, D},
title = {{Male gametophyte development: a molecular perspective}},
journal = {Journal of Experimental Botany},
year = {2009},
volume = {60},
number = {5},
pages = {1465--1478},
month = jan
}

@article{Arunkumar:2013iq,
author = {Arunkumar, R and Josephs, E B and Williamson, R J and Wright, S I},
title = {{Pollen-specific, but not sperm-specific, genes show stronger purifying selection and higher rates of positive selection than sporophytic genes in \emph{Capsella grandiflora}}},
journal = {Molecular biology and evolution},
year = {2013},
volume = {30},
number = {11},
pages = {2475--2486},
month = oct
}

@article{Fishman:2004ca,
author = {Fishman, L},
title = {{A novel meiotic drive locus almost completely distorts segregation in \emph{Mimulus} (monkeyflower) hybrids}},
journal = {Genetics},
year = {2004},
volume = {169},
number = {1},
pages = {347--353},
month = oct
}

@article{PardoManueldeVillena:2001ti,
author = {Pardo-Manuel de Villena, F and Sapienza, C},
title = {{Female meiosis drives karyotypic evolution in mammals.}},
journal = {Genetics},
year = {2001},
volume = {159},
number = {3},
pages = {1179--1189},
month = nov
}

@article{PardoManueldeVillena:2001gn,
author = {Pardo-Manuel de Villena, Fernando and Sapienza, Carmen},
title = {{Nonrandom segregation during meiosis: the unfairness of females}},
journal = {Mammalian Genome},
year = {2001},
volume = {12},
number = {5},
pages = {331--339},
month = may
}

@article{deVillena:2001wn,
author = {de Villena, F Pardo-Manuel and Sapienza, C},
title = {{Recombination is proportional to the number of chromosome arms in mammals - Springer}},
journal = {Mammalian Genome},
year = {2001}
}

@article{Rice:1987hs,
author = {Rice, William R},
title = {{The accumulation of sexually antagonistic genes as a selective agent promoting the evolution of reduced recombination between primitive sex chromosomes}},
journal = {Evolution},
year = {1987},
volume = {41},
number = {4},
pages = {911},
month = jul
}

@article{Gossmann:2014dua,
author = {Gossmann, T I and Schmid, M W and Grossniklaus, U and Schmid, K J},
title = {{Selection-driven evolution of sex-biased genes Is consistent with sexual selection in \emph{Arabidopsis thaliana}}},
journal = {Molecular biology and evolution},
year = {2014},
volume = {31},
number = {3},
pages = {574--583},
month = feb
}

@article{Immler:2014im,
author = {Immler, S and Hotzy, C and Alavioon, G and Petersson, E and Arnqvist, G},
title = {{Sperm variation within a single ejaculate affects offspring development in Atlantic salmon}},
journal = {Biology letters},
year = {2014},
volume = {10},
number = {2},
pages = {20131040},
month = feb
}

@article{Hecht:1998hz,
author = {Hecht, Norman B},
title = {{Molecular mechanisms of male germ cell differentiation}},
journal = {Bioessays},
year = {1998},
volume = {20},
number = {7},
pages = {555--561},
month = dec
}

@article{Vibranovski:2010et,
author = {Vibranovski, M D and Chalopin, D S and Lopes, H F and Long, M and Karr, T L},
title = {{Direct evidence for postmeiotic transcription during \emph{Drosophila melanogaster} spermatogenesis}},
journal = {Genetics},
year = {2010},
volume = {186},
number = {1},
pages = {431--433},
month = sep
}

@article{Zheng:2001fi,
author = {Zheng, Y and Deng, X and Martin-DeLeon, P A},
title = {{Lack of sharing of Spam1 (Ph-20) among mouse spermatids and transmission ratio distortion}},
journal = {Biology of Reproduction},
year = {2001},
volume = {64},
number = {6},
pages = {1730--1738},
month = jun
}

@article{Muralla:2011ks,
author = {Muralla, Rosanna and Lloyd, Johnny and Meinke, David},
title = {{Molecular Foundations of Reproductive Lethality in Arabidopsis thaliana}},
journal = {PLoS ONE},
year = {2011},
volume = {6},
number = {12},
pages = {e28398},
month = dec
}

@incollection{Hormaza:1994ge,
author = {Hormaza, J Ignacio and Herrero, Mar{\'\i}a},
title = {{Gametophytic competition and selection}},
booktitle = {Genetic control of self-incompatibility and {\ldots}},
year = {1994},
pages = {372--400},
publisher = {Springer Netherlands},
address = {Dordrecht}
}

@article{Fairbairn:2006ij,
author = {Fairbairn, D J and Roff, D A},
title = {{The quantitative genetics of sexual dimorphism: assessing the importance of sex-linkage}},
journal = {Heredity},
year = {2006},
volume = {97},
number = {5},
pages = {319--328},
month = aug
}

@article{Charlesworth:2000cc,
author = {Charlesworth, B and Charlesworth, D},
title = {{The degeneration of Y chromosomes.}},
journal = {Philosophical transactions of the Royal Society of London. Series B, Biological sciences},
year = {2000},
volume = {355},
number = {1403},
pages = {1563--1572},
month = nov
}

@article{Wyttenbach:1998uj,
author = {Wyttenbach, A and Borodin, P and Hausser, J},
title = {{Meiotic drive favors Robertsonian metacentric chromosomes in the common shrew (\emph{Sorex araneus}, Insectivora, mammalia)}},
journal = {Cytogenetics and cell genetics},
year = {1998},
volume = {83},
number = {3-4},
pages = {199--206}
}

@article{Yoshida:2012cz,
author = {Yoshida, Kohta and Kitano, Jun},
title = {{The contribution of female meiotic drive to the evolution of neo-sex chromosomes.}},
journal = {Evolution},
year = {2012},
volume = {66},
number = {10},
pages = {3198--3208},
month = oct
}

@article{Hormaza:1996cv,
author = {Hormaza, J I and Herrero, M},
title = {{Male gametophytic selection as a plant breeding tool}},
journal = {Scientia horticulturae},
year = {1996},
volume = {65},
number = {4},
pages = {321--333},
month = aug
}

@article{Frascaroli:1994ul,
author = {Frascaroli, E and Galletti, S and Landi, P},
title = {{Haplo-diploid gene expression and pollen selection for tolerance to acetochlor in maize}},
journal = {Theoretical and applied {\ldots}},
year = {1994},
volume = {88},
number = {6-7},
pages = {780--784},
month = aug
}

@article{Rowe:1993wj,
author = {Rowe, D E and Stortz-Lintz, D L},
title = {{Responses of alfalfa pollen and callus to filtrates from two isolates of Fusarium oxysporum}},
journal = {Sexual Plant Reproduction},
year = {1993}
}

@article{Lenormand:2005vb,
author = {Lenormand, T and Dutheil, J},
title = {{Recombination difference between sexes: a role for haploid selection}},
journal = {PLoS Biol},
year = {2005},
volume = {3},
number = {3},
pages = {e63}
}

@article{Torices:2011jk,
author = {Torices, Rub{\'e}n and M{\'e}ndez, Marcos and G{\'o}mez, Jos{\'e} Mar{\'\i}a},
title = {{Where do monomorphic sexual systems fit in the evolution of dioecy? Insights from the largest family of angiosperms.}},
journal = {The New phytologist},
year = {2011},
month = jan
}

@article{Haig:2010em,
author = {Haig, David},
title = {{Games in tetrads: segregation, recombination, and meiotic drive.}},
journal = {The American Naturalist},
year = {2010},
volume = {176},
number = {4},
pages = {404--413},
month = oct
}

@article{Ravikumar:2012ej,
author = {Ravikumar, R L and Chaitra, G N and Choukimath, Anilkumar M and Soregaon, C D},
title = {{Gametophytic selection for wilt resistance and its impact on the segregation of wilt resistance alleles in chickpea (\emph{Cicer arietinum} L.)}},
journal = {Euphytica},
year = {2012},
volume = {189},
number = {2},
pages = {173--181},
month = jul
}

@article{Karlin:1972ab,
author = {Karlin, Samuel and McGregor, James},
title = {{Application of method of small parameters to multi-niche population genetic models}},
journal = {Theoretical Population Biology},
year = {1972},
volume = {3},
number = {2},
pages = {186--209},
month = jun
}

@article{Karlin:1972dq,
author = {Karlin, Samuel and McGregor, James},
title = {{Polymorphisms for genetic and ecological systems with weak coupling}},
journal = {Theoretical Population Biology},
year = {1972},
volume = {3},
number = {2},
pages = {210--238},
month = jun
}

@article{Field:2013cc,
author = {Field, David L and Pickup, Melinda and Barrett, Spencer C H},
title = {{Comparative analyses of sex-ratio variation in dioecious flowering plants.}},
journal = {Evolution},
year = {2013},
volume = {67},
number = {3},
pages = {661--672},
month = mar
}

@article{Anonymous:2013ck,
title = {{COMPARATIVE ANALYSES OF SEX-RATIO VARIATION IN DIOECIOUS FLOWERING PLANTS}},
year = {2013},
pages = {1--12},
month = mar
}

@article{Stehlik:2006to,
author = {Stehlik, Ivana and Barrett, Spencer C H},
title = {{Pollination intensity influences sex ratios in dioecious Rumex nivalis, a wind-pollinated plant.}},
journal = {Evolution},
year = {2006},
volume = {60},
number = {6},
pages = {1207--1214},
month = jun
}

@article{Hamilton:1967ts,
author = {Hamilton, W D},
title = {{Extraordinary sex ratios.}},
journal = {Science},
year = {1967},
volume = {156},
number = {3774},
pages = {477--488},
month = apr
}

@book{Lloyd:1974tz,
author = {Lloyd, D G},
title = {{Female-predominant sex ratios in angiosperms}},
publisher = {Heredity},
year = {1974},
volume = {32}
}

@article{Charlesworth:1999kd,
author = {Charlesworth, B and Wall, J D},
title = {{Inbreeding, heterozygote advantage and the evolution of neo-X and neo-Y sex chromosomes}},
journal = {Proceedings of the Royal Society B: Biological Sciences},
year = {1999},
volume = {266},
number = {1414},
pages = {51--56},
month = jan
}

@article{Hedhly:2004iv,
author = {Hedhly, A and Hormaza, J I and Herrero, M},
title = {{Effect of temperature on pollen tube kinetics and dynamics in sweet cherry, \emph{Prunus avium} (Rosaceae).}},
journal = {American journal of botany},
year = {2004},
volume = {91},
number = {4},
pages = {558--564},
month = apr
}

@article{Nei:1969tb,
author = {Nei, Masatoshi},
title = {{Linkage modification and sex difference in recombination}},
journal = {Genetics},
year = {1969},
volume = {63},
number = {3},
pages = {681--699},
month = nov
}

@article{Feldman:1989gm,
author = {Feldman, Marcus W and Otto, Sarah P},
title = {{More on recombination and selection in the modifier theory of sex-ratio distortion}},
journal = {Theoretical Population Biology},
year = {1989},
volume = {35},
number = {2},
pages = {207--225},
month = apr
}

@article{Charlesworth:1978ut,
author = {Charlesworth, B and Charlesworth, D},
title = {{A model for the evolution of dioecy and gynodioecy}},
journal = {American Naturalist},
year = {1978},
volume = {122},
number = {988},
pages = {975--997}
}

@article{Lemaitre:2009ij,
author = {Lemaitre, C and Braga, M D V and Gautier, C and Sagot, M F and Tannier, E and Marais, G A B},
title = {{Footprints of inversions at present and past pseudoautosomal boundaries in human sex chromosomes}},
journal = {Genome Biology and Evolution},
year = {2009},
volume = {1},
number = {0},
pages = {56--66},
month = apr
}

@article{Bergero:2007kr,
author = {Bergero, R and Forrest, A and Kamau, E and Charlesworth, D},
title = {{Evolutionary strata on the X chromosomes of the dioecious plant \emph{Silene latifolia}: evidence from new sex-linked genes}},
journal = {Genetics},
year = {2007},
volume = {175},
number = {4},
pages = {1945--1954},
month = feb
}

@article{Skaletsky:2003bs,
author = {Skaletsky, Helen and Kuroda-Kawaguchi, Tomoko and Minx, Patrick J and Cordum, Holland S and Hillier, LaDeana and Brown, Laura G and Repping, Sjoerd and Pyntikova, Tatyana and Ali, Johar and Bieri, Tamberlyn and Chinwalla, Asif and Delehaunty, Andrew and Delehaunty, Kim and Du, Hui and Fewell, Ginger and Fulton, Lucinda and Fulton, Robert and Graves, Tina and Hou, Shun-Fang and Latrielle, Philip and Leonard, Shawn and Mardis, Elaine and Maupin, Rachel and McPherson, John and Miner, Tracie and Nash, William and Nguyen, Christine and Ozersky, Philip and Pepin, Kymberlie and Rock, Susan and Rohlfing, Tracy and Scott, Kelsi and Schultz, Brian and Strong, Cindy and Tin-Wollam, Aye and Yang, Shiaw-Pyng and Waterston, Robert H and Wilson, Richard K and Rozen, Steve and Page, David C},
title = {{The male-specific region of the human Y chromosome is a mosaic of discrete sequence classes}},
journal = {Nature},
year = {2003},
volume = {423},
number = {6942},
pages = {825--837},
month = jun
}

@article{Carvalho:2015dj,
author = {Carvalho, Antonio Bernardo and Vicoso, Beatriz and Russo, Claudia A M and Swenor, Bonnielin and Clark, Andrew G},
title = {{Birth of a new gene on the Y chromosome of Drosophila melanogaster}},
journal = {Proceedings of the National Academy of Sciences},
year = {2015},
volume = {112},
number = {40},
pages = {12450--12455},
month = oct
}

@article{Wright:2014kp,
author = {Wright, Alison E and Harrison, Peter W and Montgomery, Stephen H and Pointer, Marie A and Mank, Judith E},
title = {{Independent stratum formation on the avian sex chromosomes reveals inter-chromosomal gene conversion and predominance of purifying selection on the W chromosome}},
journal = {Evolution},
year = {2014},
volume = {68},
number = {11},
pages = {3281--3295},
month = aug
}

@article{Zamir:1982uu,
author = {Zamir, Daniel and Tanksley, Steven D and Jones, Richard A},
title = {{HAPLOID SELECTION FOR LOW TEMPERATURE TOLERANCE OF TOMATO POLLEN}},
journal = {Genetics},
year = {1982},
volume = {101},
number = {1},
pages = {129--137},
month = may
}

@article{Ubeda:2015fx,
author = {{\'U}beda, Francisco and Patten, Manus M and Wild, Geoff},
title = {{On the origin of sex chromosomes from meiotic drive.}},
journal = {Proceedings of the Royal Society B: Biological Sciences},
year = {2015},
volume = {282},
number = {1798},
pages = {20141932},
month = jan
}

@article{Hormaza:1996us,
author = {Hormaza, J I and Pinney, K and Polito, V S},
title = {{Correlation in the tolerance to ozone between sporophytes and male gametophytes of several fruit and nut tree species (Rosaceae) - Springer}},
journal = {Sexual Plant Reproduction},
year = {1996}
}

@incollection{Simon:1986hw,
author = {Simon, C J and Sanford, J C},
title = {{Induction of Gametic Selection in situ by Stylar Application of Selective Agents}},
booktitle = {Biotechnology and Ecology of Pollen},
year = {1986},
pages = {107--112},
publisher = {Springer New York},
address = {New York, NY}
}

@article{Marais:2008hm,
author = {Marais, Gabriel A B and Nicolas, Michael and Bergero, Roberta and Chambrier, Pierre and Kejnovsky, Eduard and Mon{\'e}ger, Fran{\c c}oise and Hobza, Roman and Widmer, Alex and Charlesworth, Deborah},
title = {{Evidence for degeneration of the Y chromosome in the dioecious plant \emph{Silene latifolia}}},
journal = {Current Biology},
year = {2008},
volume = {18},
number = {7},
pages = {545--549},
month = apr
}

@article{Rowe:1993tk,
author = {Rowe, D E and Stortz-Lintz, D L},
title = {{Responses of alfalfa pollen and callus to filtrates from two isolates of Fusarium oxysporum - Springer}},
journal = {Sexual Plant Reproduction},
year = {1993}
}

@misc{S:5mup8KgP,
title = {{S0304423899001132}},
month = mar,
year = {2016}
}

@article{Brandvain:2012hh,
author = {Brandvain, Y and Coop, G},
title = {{Scrambling eggs: meiotic drive and the evolution of female recombination rates}},
journal = {Genetics},
year = {2012},
volume = {190},
number = {2},
pages = {709--723},
month = feb
}

@article{Rice:1984we,
author = {Rice, William},
title = {{Sex Chromosomes and the Evolution of Sexual Dimorphism}},
journal = {Evolution},
year = {1984},
volume = {38},
number = {4},
pages = {735--742},
month = jul
}

@article{Jordan:2011fj,
author = {Jordan, Crispin Y and Charlesworth, Deborah},
title = {{THE POTENTIAL FOR SEXUALLY ANTAGONISTIC POLYMORPHISM IN DIFFERENT GENOME REGIONS}},
journal = {Evolution},
year = {2011},
volume = {66},
number = {2},
pages = {505--516},
month = sep
}

@article{Immler:2012tl,
author = {Immler, S and Arnqvist, G and Otto, S P},
title = {{Ploidally antagonistic selection maintains stable genetic polymorphism}},
journal = {Evolution},
year = {2012},
volume = {66},
number = {1},
pages = {55--65}
}

@article{Mank:2009jn,
author = {Mank, Judith E},
title = {{Sex Chromosomes and the Evolution of Sexual Dimorphism: Lessons from the Genome}},
journal = {The American Naturalist},
year = {2009},
volume = {173},
number = {2},
pages = {141--150},
month = feb
}

@article{Patten:2009kt,
author = {Patten, Manus M and Haig, David},
title = {{MAINTENANCE OR LOSS OF GENETIC VARIATION UNDER SEXUAL AND PARENTAL ANTAGONISM AT A SEX-LINKED LOCUS}},
journal = {Evolution},
year = {2009},
volume = {63},
number = {11},
pages = {2888--2895},
month = nov
}

@article{Allen:2013fv,
author = {Allen, S L and Bonduriansky, R and Chenoweth, S F},
title = {{The Genomic Distribution of Sex-Biased Genes in Drosophila serrata: X Chromosome Demasculinization, Feminization, and Hyperexpression in Both Sexes}},
journal = {Genome Biology and Evolution},
year = {2013},
volume = {5},
number = {10},
pages = {1986--1994},
month = oct
}

@article{Vicoso:2006ha,
author = {Vicoso, Beatriz and Charlesworth, Brian},
title = {{Evolution on the X chromosome: unusual patterns and processes}},
journal = {Nature Reviews Genetics},
year = {2006},
volume = {7},
number = {8},
pages = {645--653},
month = aug
}

@article{Bachtrog:2011ba,
author = {Bachtrog, Doris and Kirkpatrick, Mark and Mank, Judith E and McDaniel, Stuart F and Pires, J Chris and Rice, William and Valenzuela, Nicole},
title = {{Are all sex chromosomes created equal?}},
journal = {Trends in Genetics},
year = {2011},
volume = {27},
number = {9},
pages = {350--357},
month = sep
}

@article{Parsch:2013jl,
author = {Parsch, John and Ellegren, Hans},
title = {{The evolutionary causes and consequences of sex-biased gene expression}},
journal = {Nature Reviews Genetics},
year = {2013},
volume = {14},
number = {2},
pages = {83--87},
month = feb
}

@article{Ellegren:2007gb,
author = {Ellegren, Hans and Parsch, John},
title = {{The evolution of sex-biased genes and sex-biased gene expression}},
journal = {Nature Reviews Genetics},
year = {2007},
volume = {8},
number = {9},
pages = {689--698},
month = aug
}

@article{SKOGSMYR:2002ce,
author = {Skogsmyr, I and Lankinen, A},
title = {{Sexual selection: an evolutionary force in plants?}},
journal = {Biological Reviews},
year = {2002},
volume = {77},
number = {4},
pages = {537--562},
month = nov
}

@article{Nam:2008ko,
author = {Nam, K and Ellegren, H},
title = {{The chicken (\emph{Gallus gallus}) Z chromosome contains at least three nonlinear evolutionary strata}},
journal = {Genetics},
year = {2008},
volume = {180},
number = {2},
pages = {1131--1136},
month = sep
}

@book{Otto:2007tv,
author = {Otto, S P and Day, T},
title = {{A biologist's guide to mathematical modeling in ecology and evolution}},
publisher = {Princeton University Pres},
year = {2007},
address = {Princeton, NJ}
}

@article{Bachtrog:2006ed,
author = {Bachtrog, Doris},
title = {{A dynamic view of sex chromosome evolution.}},
journal = {Current opinion in genetics {\&} development},
year = {2006},
volume = {16},
number = {6},
pages = {578--585},
month = dec
}

@article{JOSEPH:2004haa,
author = {Joseph, S and Kirkpatrick, Mark},
title = {{Haploid selection in animals}},
journal = {Trends in Ecology {\&} Evolution},
year = {2004},
volume = {19},
number = {11},
pages = {592--597},
month = nov
}

@article{Otto:2011ua,
author = {Otto, S P and Pannell, J R and Peichel, C L and Ashman, T-L},
title = {{About PAR: the distinct evolutionary dynamics of the pseudoautosomal region}},
journal = {Trends in Genetics},
year = {2011},
volume = {27},
number = {9},
pages = {358--367}
}

@article{vanDoorn:2007eu,
author = {van Doorn, G S and Kirkpatrick, Mark},
title = {{Turnover of sex chromosomes induced by sexual conflict.}},
journal = {Nature},
year = {2007},
volume = {449},
number = {7164},
pages = {909--912},
month = oct
}

@article{Fry:2009hk,
author = {Fry, James D},
title = {{THE GENOMIC LOCATION OF SEXUALLY ANTAGONISTIC VARIATION: SOME CAUTIONARY COMMENTS}},
journal = {Evolution},
year = {2009},
month = dec
}

@article{Ewing:1977wq,
author = {Ewing, Evelyn P},
title = {{SELECTION AT THE HAPLOID AND DIPLOID PHASES: CYCLICAL VARIATION}},
journal = {Genetics},
year = {1977},
volume = {87},
number = {1},
pages = {195--207},
month = sep
}

@article{Scudo:1967ul,
author = {Scudo, F M},
title = {{Selection on both haplo and diplophase}},
journal = {Genetics},
year = {1967}
}

@article{Patten:2014tn,
author = {Patten, M M},
title = {{Meiotic drive influences the outcome of sexually antagonistic selection at a linked locus}},
journal = {Journal of Evolutionary Biology},
year = {2014},
volume = {27},
pages = {2360--2370}
}

@article{Travers:2001vx,
author = {Travers, S E and Mazer, S J},
title = {{Trade-offs between male and female reproduction associated with allozyme variation in phosphoglucoisomerase in an annual plant (\emph{Clarkia unguiculata}: Onagraceae).}},
journal = {Evolution},
year = {2001},
volume = {55},
number = {12},
pages = {2421--2428},
month = dec
}

@article{Smith:2014ik,
author = {Smith, G and Chen, Y R and Blissard, G W and Briscoe, A D},
title = {{Complete Dosage Compensation and Sex-Biased Gene Expression in the Moth Manduca sexta}},
journal = {Genome Biology and Evolution},
year = {2014},
volume = {6},
number = {3},
pages = {526--537},
month = mar
}

@article{Houle:2014fi,
author = {Houle, David and Yan, Zheng and Kawecki, Tadeusz J and Keller, Laurent and Hollis, Brian},
title = {{Evolution under monogamy feminizes gene expression in Drosophila melanogaster}},
journal = {Nature Communications},
year = {2014},
volume = {5},
pages = {1--5},
month = mar
}

@article{Lenormand:2003ug,
author = {Lenormand, Thomas},
title = {{The evolution of sex dimorphism in recombination.}},
journal = {Genetics},
year = {2003},
volume = {163},
number = {2},
pages = {811--822}
}

@article{Charlesworth:1980,
author = {Charlesworth, D and Charlesworth, B},
title = {{Sex differences in fitness and selection for centric fusions between sex-chromosomes and autosomes}},
journal = {Genetical Research},
year = {1980},
volume = {35},
number = {02},
pages = {205--214}
}

@article{Holman:2015en,
author = {Holman, Luke and Price, Thomas A R and Wedell, Nina and Kokko, Hanna},
title = {{Coevolutionary dynamics of polyandry and sex-linked meiotic drive}},
journal = {Evolution},
year = {2015},
volume = {69},
number = {3},
pages = {709--720},
month = feb
}

@article{Rydzewski:2016csa,
author = {Rydzewski, William T and Carioscia, Sara A and Li{\'e}vano, Gabriela and Lynch, Victoria D and Patten, Manus M},
title = {{Sexual antagonism and meiotic drive cause stable linkage disequilibrium and favour reduced recombination on the X chromosome}},
journal = {Journal of Evolutionary Biology},
year = {2016},
volume = {29},
number = {6},
pages = {1247--1256},
month = mar
}

@article{Arnqvist:2014dx,
author = {Arnqvist, G and Vellnow, N and Rowe, L},
title = {{The effect of epistasis on sexually antagonistic genetic variation}},
journal = {Proceedings of the Royal Society B: Biological Sciences},
year = {2014},
volume = {281},
number = {1787},
pages = {20140489--20140489},
month = may
}

@article{Meisel:2012fw,
author = {Meisel, R P and Malone, J H and Clark, A G},
title = {{Disentangling the relationship between sex-biased gene expression and X-linkage}},
journal = {Genome Research},
year = {2012},
volume = {22},
number = {7},
pages = {1255--1265},
month = jul
}

@article{Vicoso:2015hf,
author = {Vicoso, Beatriz and Bachtrog, Doris},
title = {{Numerous transitions of sex chromosomes in Diptera.}},
journal = {PLoS Biol},
year = {2015},
volume = {13},
number = {4},
pages = {e1002078},
month = apr
}

@article{Charlesworth:2014ew,
author = {Charlesworth, Brian and Jordan, Crispin Y and Charlesworth, Deborah},
title = {{The evolutionary dynamics of sexually antagonistic mutations in pseudoautosomal regions of sex chromosomes}},
journal = {Evolution},
year = {2014},
volume = {68},
number = {5},
pages = {1339--1350},
month = mar
}

@article{Anonymous:2014er,
title = {{Signatures of Sex-Antagonistic Selection on Recombining Sex Chromosomes}},
year = {2014},
pages = {1--13},
month = jun
}

@article{Mank:2011fb,
author = {Mank, Judith E and Hosken, David J and Wedell, Nina},
title = {{SOME INCONVENIENT TRUTHS ABOUT SEX CHROMOSOME DOSAGE COMPENSATION AND THE POTENTIAL ROLE OF SEXUAL CONFLICT}},
journal = {Evolution},
year = {2011},
volume = {65},
number = {8},
pages = {2133--2144},
month = may
}

@article{Grossen:2012ck,
author = {Grossen, Christine and Neuenschwander, Samuel and Perrin, Nicolas},
title = {{THE EVOLUTION OF XY RECOMBINATION: SEXUALLY ANTAGONISTIC SELECTION VERSUS DELETERIOUS MUTATION LOAD}},
journal = {Evolution},
year = {2012},
volume = {66},
number = {10},
pages = {3155--3166},
month = may
}

@article{Charlesworth:2013,
author = {Charlesworth, Deborah},
title = {{Plant sex chromosome evolution.}},
journal = {Journal of Experimental Botany},
year = {2013},
volume = {64},
number = {2},
pages = {405--420},
month = jan
}

@article{Wang:2012,
author = {Wang, Jianping and Na, Jong-Kuk and Yu, Qingyi and Gschwend, Andrea R and Han, Jennifer and Zeng, Fanchang and Aryal, Rishi and VanBuren, Robert and Murray, Jan E and Zhang, Wenli and Navajas-P{\'e}rez, Rafael and Feltus, F Alex and Lemke, Cornelia and Tong, Eric J and Chen, Cuixia and Wai, Ching Man and Singh, Ratnesh and Wang, Ming-Li and Min, Xiang Jia and Alam, Maqsudul and Charlesworth, Deborah and Moore, Paul H and Jiang, Jiming and Paterson, Andrew H and Ming, Ray},
title = {{Sequencing papaya X and Yh chromosomes reveals molecular basis of incipient sex chromosome evolution.}},
journal = {Proceedings of the National Academy of Sciences},
year = {2012},
volume = {109},
number = {34},
pages = {13710--13715},
month = aug
}

@article{Ming:2011iy,
author = {Ming, Ray and Bendahmane, Abdelhafid and Renner, Susanne S},
title = {{Sex chromosomes in land plants}},
journal = {dx.doi.org},
year = {2011},
volume = {62},
number = {1},
pages = {485--514},
month = jun
}

@article{Arnqvist:2014dxa,
author = {Arnqvist, G and Vellnow, N and Rowe, L},
title = {{The effect of epistasis on sexually antagonistic genetic variation}},
journal = {Proceedings of the Royal Society B: Biological Sciences},
year = {2014},
volume = {281},
number = {1787},
pages = {20140489--20140489},
month = may
}

@article{Connallon:2010dv,
author = {Connallon, Tim and Clark, Andrew G},
title = {{SEX LINKAGE, SEX-SPECIFIC SELECTION, AND THE ROLE OF RECOMBINATION IN THE EVOLUTION OF SEXUALLY DIMORPHIC GENE EXPRESSION}},
journal = {Evolution},
year = {2010},
volume = {64},
number = {12},
pages = {3417--3442},
month = nov
}

@article{Mank:2014jn,
author = {Mank, Judith E and Hosken, David J and Wedell, Nina},
title = {{Conflict on the sex chromosomes: cause, effect, and complexity.}},
journal = {Cold Spring Harbor perspectives in biology},
year = {2014},
volume = {6},
number = {12},
pages = {a017715},
month = dec
}

@article{Clarke:2004ir,
author = {Clarke, Heather J and Khan, Tanveer N and Siddique, Kadambot H M},
title = {{Pollen selection for chilling tolerance at hybridisation leads to improved chickpea cultivars}},
journal = {Euphytica},
year = {2004},
volume = {139},
number = {1},
pages = {65--74}
}

@article{vanDoorn:2010hua,
author = {van Doorn, G S and KIRKPATRICK, M},
title = {{Transitions Between Male and Female Heterogamety Caused by Sex-Antagonistic Selection}},
journal = {Genetics},
year = {2010},
volume = {186},
number = {2},
pages = {629--645},
month = oct
}

@article{Charlesworth:2010it,
author = {Charlesworth, D and Mank, J E},
title = {{The birds and the bees and the flowers and the trees: lessons from genetic mapping of sex determination in plants and animals}},
journal = {Genetics},
year = {2010},
volume = {186},
number = {1},
pages = {9--31}
}

@article{Searcy:1985vt,
author = {Searcy, K B and Mulcahy, D L},
title = {{Pollen selection and the gametophytic expression of metal tolerance in \emph{Silene dioica} (Caryophyllaceae) and \emph{Mimulus guttatus} (Scrophulariaceae)}},
journal = {American journal of botany},
year = {1985},
volume = {72},
number = {11},
pages = {1700--1706}
}

@article{Frascaroli:2001ee,
author = {Frascaroli, E and Songstad, D D},
title = {{Pollen genotype selection for a simply inherited qualitative factor determining resistance to chlorsulfuron in maize}},
journal = {Theoretical and Applied Genetics},
year = {2001},
volume = {102},
number = {2-3},
pages = {342--346},
month = feb
}

@article{Ravikumar:2003uo,
author = {Ravikumar, R L and Patil, B S and Salimath, P M},
title = {{Drought tolerance in sorghum by pollen selection using osmotic stress}},
journal = {Euphytica},
year = {2003},
volume = {133},
pages = {371--376}
}

@article{Stehlik:2005ul,
author = {Stehlik, I and Barrett, SCH},
title = {{Mechanisms governing sex-ratio variation in dioecious \emph{Rumex nivalis}}},
journal = {Evolution},
year = {2005},
volume = {59},
number = {4},
pages = {814--825}
}

@article{Bernasconi:2004dk,
author = {Bernasconi, G},
title = {{Evolutionary ecology of the prezygotic stage}},
journal = {Science},
year = {2004},
volume = {303},
number = {5660},
pages = {971--975},
month = feb
}

@article{Field:2012fd,
author = {Field, David L and Pickup, Melinda and Barrett, Spencer C H},
title = {{The influence of pollination intensity on fertilization success, progeny sex ratio, and fitness in a wind-pollinated, dioecious plant}},
journal = {International Journal of Plant Sciences},
year = {2012},
volume = {173},
number = {2},
pages = {184--191},
month = feb
}

@book{Burt:2006,
author = {Burt, Austin and Trivers, R},
title = {{Genes in conflict: the biology of selfish genetic elements}},
publisher = {Belknap Press},
year = {2006},
address = {Cambridge, MA}
}

@article{Bachtrog:2014bx,
author = {Bachtrog, Doris and Mank, Judith E and Peichel, Catherine L and Kirkpatrick, Mark and Otto, Sarah P and Ashman, Tia-Lynn and Hahn, Matthew W and Kitano, Jun and Mayrose, Itay and Ming, Ray and Perrin, Nicolas and Ross, Laura and Valenzuela, Nicole and Vamosi, Jana C and {Tree of Sex Consortium}},
title = {{Sex determination: why so many ways of doing it?}},
journal = {PLoS Biol},
year = {2014},
volume = {12},
number = {7},
pages = {e1001899},
month = jul
}

@article{Charlesworth:2015dj,
author = {Charlesworth, Deborah},
title = {{Plant contributions to our understanding of sex chromosome evolution}},
journal = {The New phytologist},
year = {2015},
volume = {208},
number = {1},
pages = {52--65}
}

@article{Renner:2016ku,
author = {Renner, S S},
title = {{Pathways for making unisexual flowers and unisexual plants:Moving beyond the "two mutations linked on one chromosome" model}},
journal = {American journal of botany},
year = {2016},
month = mar
}

@article{Marshall:2016fe,
author = {Marshall, D L and Evans, A S},
title = {{Can selection on a male mating character result in evolutionary change? A selection experiment on California wild radish, \emph{Raphanus sativus}}},
journal = {American journal of botany},
year = {2016},
volume = {103},
number = {3},
pages = {553--567},
month = mar
}

@article{Renner:2016kua,
author = {Renner, S S},
title = {{Pathways for making unisexual flowers and unisexual plants:Moving beyond the "two mutations linked on one chromosome" model}},
journal = {American journal of botany},
year = {2016},
month = mar
}

@article{Pelabon:2016gq,
author = {Pelabon, C and Hennet, L and Bolstad, G H and Albertsen, E and Opedal, O H and Ekrem, R K and Armbruster, W S},
title = {{Does stronger pollen competition improve offspring fitness when pollen load does not vary?}},
journal = {American journal of botany},
year = {2016},
volume = {103},
number = {3},
pages = {522--531},
month = mar
}

@article{Moore:2011jt,
author = {Moore, Jamie C and Pannell, John R},
title = {{Sexual selection in plants}},
journal = {Current Biology},
year = {2011},
volume = {21},
number = {5},
pages = {R176--R182},
month = mar
}

@article{Clark:1987uj,
author = {Clark, A G},
title = {{Natural selection and Y-linked polymorphism.}},
journal = {Genetics},
year = {1987},
volume = {115},
number = {3},
pages = {569--577},
month = mar
}

@article{Rice:1996ke,
author = {Rice, William R},
title = {{Evolution of the Y Sex Chromosome in Animals}},
journal = {BioScience},
year = {1996},
volume = {46},
number = {5},
pages = {331--343},
month = may
}

@article{Mulcahy:1996ha,
author = {Mulcahy, David L and Sari-Gorla, Mirella and Mulcahy, Gabriella Bergamini},
title = {{Pollen selection - past, present and future}},
journal = {Sexual Plant Reproduction},
year = {1996},
volume = {9},
number = {6},
pages = {353--356},
month = nov
}

@book{Bull:1983vi,
author = {Bull, J J},
title = {{Evolution of sex determining mechanisms.}},
publisher = {The Benjamin Cummings Publishing Company},
year = {1983}
}

@article{Rhen:2000wn,
author = {Rhen, T},
title = {{Sex-limited mutations and the evolution of sexual dimorphism.}},
journal = {Evolution},
year = {2000},
volume = {54},
number = {1},
pages = {37--43},
month = feb
}

@article{Charlesworth:2005cx,
author = {Charlesworth, D and Charlesworth, B and Marais, G},
title = {{Steps in the evolution of heteromorphic sex chromosomes}},
journal = {Heredity},
year = {2005},
volume = {95},
number = {2},
pages = {118--128},
month = may
}

@article{Conn:1981uw,
author = {Conn, J S and Blum, Udo},
title = {{Sex ratio of \emph{Rumex hastatulus}: the effect of environmental factors and certation}},
journal = {Evolution},
year = {1981},
volume = {35},
number = {6},
pages = {1108--1116}
}

@article{Hurst:1991uh,
author = {Hurst, L D and Pomiankowski, A},
title = {{Causes of sex ratio bias may account for unisexual sterility in hybrids: a new explanation of Haldane's rule and related phenomena.}},
journal = {Genetics},
year = {1991},
volume = {128},
number = {4},
pages = {841--858},
month = aug
}

@article{Otto:2014jf,
author = {Otto, S P},
title = {{Selective maintenance of recombination between the sex chromosomes.}},
journal = {Journal of Evolutionary Biology},
year = {2014},
volume = {27},
number = {7},
pages = {1431--1442},
month = jul
}

@article{Fisher:1931jo,
author = {Fisher, R},
title = {{The evolution of dominance}},
journal = {Biological Reviews},
year = {1931},
volume = {6},
number = {4},
pages = {363},
month = oct
}

@article{Pennell:2015im,
author = {Pennell, Matthew W and Kirkpatrick, Mark and Otto, Sarah P and Vamosi, Jana C and Peichel, Catherine L and Valenzuela, Nicole and Kitano, Jun},
title = {{Y fuse? Sex chromosome fusions in fishes and reptiles}},
journal = {PLOS Genetics},
year = {2015},
volume = {11},
number = {5},
pages = {e1005237},
month = may
}

